
@techreport{nonbol1996description,
	title={Description of the advanced gas cooled type of reactor (AGR)},
	author={Nonb{\o}l, Erik},
	year={1996},
	institution={Nordisk Kernesikkerhedsforskning}
	
}


@misc{ wiki:xxx,
	author = "Tomasz Koziara",
	title = "Parmec Documentation",
	year = "2019",
	url = "https://parmes.org/parmec/index.html",
	note = "[Online; accessed 19-November-2020]"
}

@inproceedings{dihoru2014multi,
	title={Multi-Layer Array Rig Work For Seismic Behaviour With Cracked Bricks},
	author={Dihoru, L and Oddbjornsson, O and Horseman, T and Dietz, M and Wilson, J and Kloukinas, P and Voyagaki, E and Crewe, AJ and Taylor, CA},
	booktitle={The 4th EDF Energy Nuclear Graphite Symposium. Engineering Challenges Associated with the Life of Graphite Reactor Cores},
	year={2014}
}

@article{voyagaki2018earthquake,
	title={Earthquake response of a multiblock nuclear reactor graphite core: Experimental model vs simulations},
	author={Voyagaki, Elia and Kloukinas, Panos and Dietz, Matt and Dihoru, Luiza and Horseman, Tony and Oddbjornsson, Olafur and Crewe, Adam J and Taylor, Colin A and Steer, Alan},
	journal={Earthquake Engineering \& Structural Dynamics},
	volume={47},
	number={13},
	pages={2601--2626},
	year={2018},
	publisher={Wiley Online Library}
}


@inproceedings{oddbjornsson2017physical,
	title={Physical modelling and testing of an advanced gas cooled reactor core model},
	author={Oddbjornsson, O and Kloukinas, P and Dihoru, L and Dietz, M and Horseman, T and Voyagaki, E and Crewe, AJ and Taylor, CA and Steer, AG},
	booktitle={16th World Conference on Earthquake Engineering},
	year={2017}
}

@book{bishop2006pattern,
	title={Pattern recognition and machine learning},
	author={Bishop, Christopher M},
	year={2006},
	publisher={springer}
}

@article{harrison1978hedonic,
	title={Hedonic housing prices and the demand for clean air},
	author={Harrison Jr, David and Rubinfeld, Daniel L},
	year={1978},
	publisher={Elsevier}
}

@incollection{awad2015support,
	title={Support vector regression},
	author={Awad, Mariette and Khanna, Rahul},
	booktitle={Efficient learning machines},
	pages={67--80},
	year={2015},
	publisher={Springer}
}

@article{loh2014classification,
	title={Classification and regression tree methods},
	author={Loh, Wei-Yin},
	journal={Wiley StatsRef: Statistics Reference Online},
	year={2014},
	publisher={Wiley Online Library}
}

@book{gurney1997introduction,
	title={An introduction to neural networks},
	author={Gurney, Kevin},
	year={1997},
	publisher={CRC press}
}

@inproceedings{hara2015analysis,
	title={Analysis of function of rectified linear unit used in deep learning},
	author={Hara, Kazuyuki and Saito, Daisuke and Shouno, Hayaru},
	booktitle={2015 international joint conference on neural networks (IJCNN)},
	pages={1--8},
	year={2015},
	organization={IEEE}
}

@inproceedings{zheng2015improving,
	title={Improving deep neural networks using softplus units},
	author={Zheng, Hao and Yang, Zhanlei and Liu, Wenju and Liang, Jizhong and Li, Yanpeng},
	booktitle={2015 International Joint Conference on Neural Networks (IJCNN)},
	pages={1--4},
	year={2015},
	organization={IEEE}
}

@incollection{hecht1992theory,
	title={Theory of the backpropagation neural network},
	author={Hecht-Nielsen, Robert},
	booktitle={Neural networks for perception},
	pages={65--93},
	year={1992},
	publisher={Elsevier}
}

@article{huber1964robust,
	title={Robust estimation of a location parameter: Annals Mathematics Statistics, 35},
	author={Huber, Peter J},
	year={1964}
}

@article{hawkins2004problem,
	title={The problem of overfitting},
	author={Hawkins, Douglas M},
	journal={Journal of chemical information and computer sciences},
	volume={44},
	number={1},
	pages={1--12},
	year={2004},
	publisher={ACS Publications}
}

@article{srivastava2014dropout,
	title={Dropout: a simple way to prevent neural networks from overfitting},
	author={Srivastava, Nitish and Hinton, Geoffrey and Krizhevsky, Alex and Sutskever, Ilya and Salakhutdinov, Ruslan},
	journal={The journal of machine learning research},
	volume={15},
	number={1},
	pages={1929--1958},
	year={2014},
	publisher={JMLR. org}
}

@inproceedings{xie2015beyond,
	title={Beyond classification: structured regression for robust cell detection using convolutional neural network},
	author={Xie, Yuanpu and Xing, Fuyong and Kong, Xiangfei and Su, Hai and Yang, Lin},
	booktitle={International conference on medical image computing and computer-assisted intervention},
	pages={358--365},
	year={2015},
	organization={Springer}
}

@inproceedings{li2015depth,
	title={Depth and surface normal estimation from monocular images using regression on deep features and hierarchical crfs},
	author={Li, Bo and Shen, Chunhua and Dai, Yuchao and Van Den Hengel, Anton and He, Mingyi},
	booktitle={Proceedings of the IEEE conference on computer vision and pattern recognition},
	pages={1119--1127},
	year={2015}
}

@inproceedings{babu2016deep,
	title={Deep convolutional neural network based regression approach for estimation of remaining useful life},
	author={Babu, Giduthuri Sateesh and Zhao, Peilin and Li, Xiao-Li},
	booktitle={International conference on database systems for advanced applications},
	pages={214--228},
	year={2016},
	organization={Springer}
}

@article{gomez2020status,
	title={Status of research and development of learning-based approaches in nuclear science and engineering: A review},
	author={Gomez-Fernandez, Mario and Higley, Kathryn and Tokuhiro, Akira and Welter, Kent and Wong, Weng-Keen and Yang, Haori},
	journal={Nuclear Engineering and Design},
	volume={359},
	pages={110479},
	year={2020},
	publisher={Elsevier}
}

@article{fernandez2017nuclear,
	title={Nuclear energy systemâ€™s behavior and decision making using machine learning},
	author={Fernandez, Mario Gomez and Tokuhiro, Akira and Welter, Kent and Wu, Qiao},
	journal={Nuclear Engineering and Design},
	volume={324},
	pages={27--34},
	year={2017},
	publisher={Elsevier}
}



@article{javadi2003neural,
	title={Neural network for constitutive modelling in finite element analysis},
	author={Javadi, AA and Tan, TP and Zhang, M},
	journal={Computer Assisted Mechanics and Engineering Sciences},
	volume={10},
	number={4},
	pages={523--530},
	year={2003},
	publisher={CENTRAL EUROPEAN ASSOCIATION FOR COMPUTATIONAL}
}

@article{kim2019machine,
	title={Machine learning-based surrogate modeling for data-driven optimization: a comparison of subset selection for regression techniques},
	author={Kim, Sun Hye and Boukouvala, Fani},
	journal={Optimization Letters},
	pages={1--22},
	year={2019},
	publisher={Springer}
}

@article{dihoru2018neural,
	title={Neural networks for displacement analysis in an advanced gas cooled reactor core model},
	author={Dihoru, Luiza and Dietz, Matt and Horseman, Tony and Kloukinas, Panos and Oddbjornsson, Olafur and Voyagaki, Elia and Crewe, Adam J and Taylor, Colin A},
	journal={Nuclear Engineering and Design},
	volume={332},
	pages={252--266},
	year={2018},
	publisher={Elsevier}
}

@article{zeng2018machine,
	title={Machine learning based system performance prediction model for reactor control},
	author={Zeng, Yuyun and Liu, Jingquan and Sun, Kaichao and Hu, Lin-wen},
	journal={Annals of Nuclear Energy},
	volume={113},
	pages={270--278},
	year={2018},
	publisher={Elsevier}
}

@misc{Jones2018,
	author = {H. Rhys Jones},
	title = {Surrogate Machine Optimisation and Learning},
	year = {2018},
	publisher = {GitLab},
	journal = {GitLab repository},
	howpublished = {\url{https://gitlab.cs.man.ac.uk/q59494hj/parmec_agr_ml_surrogate}},
	commit = {cdcaf4cb3c5566c3435488e0e03328fa920cb1d5}
}

@misc{huw_rhys_jones_2022_6967536,
	author       = {Huw Rhys Jones},
	title        = {{Surrogate Machine Learning for Parmec Advanced 
	Gas-cooled Reactor (AGR) Analysis}},
	month        = aug,
	year         = 2022,
	publisher    = {Zenodo},
	version      = {1.0},
	doi          = {10.5281/zenodo.6967536},
	howpublished = {\url{https://doi.org/10.5281/zenodo.6967536}}
}

@inproceedings{henderson1995job,
	title={Job scheduling under the portable batch system},
	author={Henderson, Robert L},
	booktitle={Workshop on Job Scheduling Strategies for Parallel Processing},
	pages={279--294},
	year={1995},
	organization={Springer}
}

@book{lutz2013learning,
	title={Learning python: Powerful object-oriented programming},
	author={Lutz, Mark},
	year={2013},
	publisher={" O'Reilly Media, Inc."}
}

@incollection{ketkar2017introduction,
	title={Introduction to keras},
	author={Ketkar, Nikhil},
	booktitle={Deep learning with Python},
	pages={97--111},
	year={2017},
	publisher={Springer}
}

@article{harris2020array,
	title={Array programming with NumPy},
	author={Harris, Charles R and Millman, K Jarrod and Van Der Walt, St{\'e}fan J and Gommers, Ralf and Virtanen, Pauli and Cournapeau, David and Wieser, Eric and Taylor, Julian and Berg, Sebastian and Smith, Nathaniel J and others},
	journal={Nature},
	volume={585},
	number={7825},
	pages={357--362},
	year={2020},
	publisher={Nature Publishing Group}
}

@article{pedregosa2011scikit,
	title={Scikit-learn: Machine learning in Python},
	author={Pedregosa, Fabian and Varoquaux, Ga{\"e}l and Gramfort, Alexandre and Michel, Vincent and Thirion, Bertrand and Grisel, Olivier and Blondel, Mathieu and Prettenhofer, Peter and Weiss, Ron and Dubourg, Vincent and others},
	journal={the Journal of machine Learning research},
	volume={12},
	pages={2825--2830},
	year={2011},
	publisher={JMLR. org}
}

@incollection{bisong2019matplotlib,
	title={Matplotlib and seaborn},
	author={Bisong, Ekaba},
	booktitle={Building machine learning and deep learning models on google cloud platform},
	pages={151--165},
	year={2019},
	publisher={Springer}
}

@article{jones2022surrogate,
	title={A surrogate machine learning model for advanced gas-cooled reactor graphite core safety analysis},
	author={Jones, H Rhys and Mu, Tingting and Kudawoo, Dzifa and Brown, Gavin and Martinuzzi, Philippe and McLachlan, Neil},
	journal={Nuclear Engineering and Design},
	volume={395},
	pages={111842},
	year={2022},
	publisher={Elsevier}
}


@inproceedings{navada2011overview,
	title={Overview of use of decision tree algorithms in machine learning},
	author={Navada, Arundhati and Ansari, Aamir Nizam and Patil, Siddharth and Sonkamble, Balwant A},
	booktitle={2011 IEEE control and system graduate research colloquium},
	pages={37--42},
	year={2011},
	organization={IEEE}
}


@article{smola2004tutorial,
	title={A tutorial on support vector regression},
	author={Smola, Alex J and Sch{\"o}lkopf, Bernhard},
	journal={Statistics and computing},
	volume={14},
	number={3},
	pages={199--222},
	year={2004},
	publisher={Springer}
}

@article{yao2007early,
	title={On early stopping in gradient descent learning},
	author={Yao, Yuan and Rosasco, Lorenzo and Caponnetto, Andrea},
	journal={Constructive Approximation},
	volume={26},
	number={2},
	pages={289--315},
	year={2007},
	publisher={Springer}
}

@article{dozat2016incorporating,
	title={Incorporating nesterov momentum into adam},
	author={Dozat, Timothy},
	year={2016}
}

@inproceedings{kalman1992tanh,
	title={Why tanh: choosing a sigmoidal function},
	author={Kalman, Barry L and Kwasny, Stan C},
	booktitle={[Proceedings 1992] IJCNN International Joint Conference on Neural Networks},
	volume={4},
	pages={578--581},
	year={1992},
	organization={IEEE}
}

@article{liang2018deep,
	title={A deep learning approach to estimate stress distribution: a fast and accurate surrogate of finite-element analysis},
	author={Liang, Liang and Liu, Minliang and Martin, Caitlin and Sun, Wei},
	journal={Journal of The Royal Society Interface},
	volume={15},
	number={138},
	pages={20170844},
	year={2018},
	publisher={The Royal Society}
}

@article{ahn2020deep,
	title={Deep learning-based procedure compliance check system for nuclear power plant emergency operation},
	author={Ahn, Jeeyea and Lee, Seung Jun},
	journal={Nuclear Engineering and Design},
	volume={370},
	pages={110868},
	year={2020},
	publisher={Elsevier}
}

@inproceedings{bui2016using,
	title={Using grayscale images for object recognition with convolutional-recursive neural network},
	author={Bui, Hieu Minh and Lech, Margaret and Cheng, Eva and Neville, Katrina and Burnett, Ian S},
	booktitle={2016 IEEE Sixth International Conference on Communications and Electronics (ICCE)},
	pages={321--325},
	year={2016},
	organization={IEEE}
}

@article{dwarampudi2019effects,
	title={Effects of padding on LSTMs and CNNs},
	author={Dwarampudi, Mahidhar and Reddy, NV},
	journal={arXiv preprint arXiv:1903.07288},
	year={2019}
}

@inproceedings{albawi2017understanding,
	title={Understanding of a convolutional neural network},
	author={Albawi, Saad and Mohammed, Tareq Abed and Al-Zawi, Saad},
	booktitle={2017 International Conference on Engineering and Technology (ICET)},
	pages={1--6},
	year={2017},
	organization={Ieee}
}

@article{refaeilzadeh2009cross,
	title={Cross-validation.},
	author={Refaeilzadeh, Payam and Tang, Lei and Liu, Huan},
	journal={Encyclopedia of database systems},
	volume={5},
	pages={532--538},
	year={2009},
	publisher={Springer}
}

@article{nyshadham2019machine,
	title={Machine-learned multi-system surrogate models for materials prediction},
	author={Nyshadham, Chandramouli and Rupp, Matthias and Bekker, Brayden and Shapeev, Alexander V and Mueller, Tim and Rosenbrock, Conrad W and Cs{\'a}nyi, G{\'a}bor and Wingate, David W and Hart, Gus LW},
	journal={npj Computational Materials},
	volume={5},
	number={1},
	pages={1--6},
	year={2019},
	publisher={Nature Publishing Group}
}

@article{asteris2021predicting,
	title={Predicting concrete compressive strength using hybrid ensembling of surrogate machine learning models},
	author={Asteris, Panagiotis G and Skentou, Athanasia D and Bardhan, Abidhan and Samui, Pijush and Pilakoutas, Kypros},
	journal={Cement and Concrete Research},
	volume={145},
	pages={106449},
	year={2021},
	publisher={Elsevier}
}

@article{perez2017effectiveness,
	title={The effectiveness of data augmentation in image classification using deep learning},
	author={Perez, Luis and Wang, Jason},
	journal={arXiv preprint arXiv:1712.04621},
	year={2017}
}

@article{hansen2015tiny,
	title={Tiny ImageNet challenge submission},
	author={Hansen, Lucas},
	journal={CS 231N},
	year={2015}
}

@incollection{torrey2010transfer,
	title={Transfer learning},
	author={Torrey, Lisa and Shavlik, Jude},
	booktitle={Handbook of research on machine learning applications and trends: algorithms, methods, and techniques},
	pages={242--264},
	year={2010},
	publisher={IGI global}
}


@article{shorten2019survey,
	title={A survey on image data augmentation for deep learning},
	author={Shorten, Connor and Khoshgoftaar, Taghi M},
	journal={Journal of Big Data},
	volume={6},
	number={1},
	pages={1--48},
	year={2019},
	publisher={Springer}
}

@inproceedings{deng2009imagenet,
	title={Imagenet: A large-scale hierarchical image database},
	author={Deng, Jia and Dong, Wei and Socher, Richard and Li, Li-Jia and Li, Kai and Fei-Fei, Li},
	booktitle={2009 IEEE conference on computer vision and pattern recognition},
	pages={248--255},
	year={2009},
	organization={Ieee}
}


@article{wallach1989mean,
	title={Mean squared error of prediction as a criterion for evaluating and comparing system models},
	author={Wallach, Daniel and Goffinet, Bruno},
	journal={Ecological modelling},
	volume={44},
	number={3-4},
	pages={299--306},
	year={1989},
	publisher={Elsevier}
}


@article{johnson2019survey,
	title={Survey on deep learning with class imbalance},
	author={Johnson, Justin M and Khoshgoftaar, Taghi M},
	journal={Journal of Big Data},
	volume={6},
	number={1},
	pages={1--54},
	year={2019},
	publisher={Springer}
}

@inproceedings{sarullo2019class,
	title={On Class Imbalance and Background Filtering in Visual Relationship Detection},
	author={Sarullo, Alessio and Mu, Tingting},
	booktitle={2019 International Joint Conference on Neural Networks (IJCNN)},
	pages={1--8},
	year={2019},
	organization={IEEE}
}

@inproceedings{branco2017smogn,
	title={SMOGN: a pre-processing approach for imbalanced regression},
	author={Branco, Paula and Torgo, Lu{\'\i}s and Ribeiro, Rita P},
	booktitle={First international workshop on learning with imbalanced domains: Theory and applications},
	pages={36--50},
	year={2017},
	organization={PMLR}
}

@inproceedings{yang2021delving,
	title={Delving into deep imbalanced regression},
	author={Yang, Yuzhe and Zha, Kaiwen and Chen, Yingcong and Wang, Hao and Katabi, Dina},
	booktitle={International Conference on Machine Learning},
	pages={11842--11851},
	year={2021},
	organization={PMLR}
}

@Article{Hunter:2007,
	Author    = {Hunter, J. D.},
	Title     = {Matplotlib: A 2D graphics environment},
	Journal   = {Computing in Science \& Engineering},
	Volume    = {9},
	Number    = {3},
	Pages     = {90--95},
	abstract  = {Matplotlib is a 2D graphics package used for Python for
	application development, interactive scripting, and publication-quality
	image generation across user interfaces and operating systems.},
	publisher = {IEEE COMPUTER SOC},
	doi       = {10.1109/MCSE.2007.55},
	year      = 2007
}

@article{ren2021survey,
	title={A survey of deep active learning},
	author={Ren, Pengzhen and Xiao, Yun and Chang, Xiaojun and Huang, Po-Yao and Li, Zhihui and Gupta, Brij B and Chen, Xiaojiang and Wang, Xin},
	journal={ACM computing surveys (CSUR)},
	volume={54},
	number={9},
	pages={1--40},
	year={2021},
	publisher={ACM New York, NY}
}

@article{chai2014root,
	title={Root mean square error (RMSE) or mean absolute error (MAE)},
	author={Chai, Tianfeng and Draxler, Roland R},
	journal={Geoscientific Model Development Discussions},
	volume={7},
	number={1},
	pages={1525--1534},
	year={2014}
}

@book{blum1982simple,
	title={A simple secure pseudo-random number generator},
	author={Blum, L and Blum, M and Shub, M},
	year={1982},
	publisher={Electronics Research Laboratory, College of Engineering, University of~â€¦}
}

@book{grundgeiger2018programming,
	title={Programming Visual Basic. NET},
	author={Grundgeiger, Dave},
	year={2018},
	publisher={O'Reilly}
}

@book{newham2005learning,
	title={Learning the bash shell: Unix shell programming},
	author={Newham, Cameron},
	year={2005},
	publisher={" O'Reilly Media, Inc."}
}

@book{meyer1997object,
	title={Object-oriented software construction},
	author={Meyer, Bertrand},
	volume={2},
	year={1997},
	publisher={Prentice hall Englewood Cliffs}
}

@book{deitel2002python,
	title={Python: how to program},
	author={Deitel, Harvey M},
	year={2002},
	publisher={Prentice Hall Professional Technical Reference}
}

@misc{seger2018investigation,
	title={An investigation of categorical variable encoding techniques in machine learning: binary versus one-hot and feature hashing},
	author={Seger, Cedric},
	year={2018}
}

@article{russakovsky2015imagenet,
	title={Imagenet large scale visual recognition challenge},
	author={Russakovsky, Olga and Deng, Jia and Su, Hao and Krause, Jonathan and Satheesh, Sanjeev and Ma, Sean and Huang, Zhiheng and Karpathy, Andrej and Khosla, Aditya and Bernstein, Michael and others},
	journal={International journal of computer vision},
	volume={115},
	number={3},
	pages={211--252},
	year={2015},
	publisher={Springer}
}


@article{simonyan2014very,
	title={Very deep convolutional networks for large-scale image recognition},
	author={Simonyan, Karen and Zisserman, Andrew},
	journal={arXiv preprint arXiv:1409.1556},
	year={2014}
}


@misc{he2015deep,
	title={Deep residual learning for image recognition. CoRR abs/1512.03385 (2015)},
	author={He, Kaiming and Zhang, Xiangyu and Ren, Shaoqing and Sun, Jian},
	year={2015}
}

@inproceedings{tan2018survey,
	title={A survey on deep transfer learning},
	author={Tan, Chuanqi and Sun, Fuchun and Kong, Tao and Zhang, Wenchang and Yang, Chao and Liu, Chunfang},
	booktitle={International conference on artificial neural networks},
	pages={270--279},
	year={2018},
	organization={Springer}
}


@inproceedings{liao2016importance,
	title={On the importance of normalisation layers in deep learning with piecewise linear activation units},
	author={Liao, Zhibin and Carneiro, Gustavo},
	booktitle={2016 IEEE Winter Conference on Applications of Computer Vision (WACV)},
	pages={1--8},
	year={2016},
	organization={IEEE}
}

@article{dihoru2017development,
	title={The development of a physical model of an Advanced Gas Cooled Reactor core: Outline of the feasibility study},
	author={Dihoru, Luiza and Oddbjornsson, Olafur and Kloukinas, Panos and Dietz, Matt and Horseman, Tony and Voyagaki, Elia and Crewe, Adam J and Taylor, Colin A and Steer, Alan G},
	journal={Nuclear Engineering and Design},
	volume={323},
	pages={269--279},
	year={2017},
	publisher={Elsevier}
}

@article{ahmed1986seismic,
	title={Seismic response of the advanced gas cooled reactor core},
	author={Ahmed, KM and Parker, JV and Proffitt, DE},
	journal={Nuclear Engineering and Design},
	volume={94},
	number={1},
	pages={67--92},
	year={1986},
	publisher={Elsevier}
}

@techreport{allen1990seismic,
	title={Seismic design of the Heysham 2 advanced gas cooled reactor nuclear power station},
	author={Allen, CF},
	year={1990}
}


@article{kralj2007seismic,
	title={Seismic modelling of an AGR nuclear reactor core},
	author={Kralj, B and Humphreys, S and Duncan, B},
	journal={SPECIAL PUBLICATION-ROYAL SOCIETY OF CHEMISTRY},
	volume={309},
	pages={193},
	year={2007},
	publisher={Royal Society of Chemistry; 1994}
}

@book{zienkiewicz2005finite,
	title={The finite element method: its basis and fundamentals},
	author={Zienkiewicz, Olek C and Taylor, Robert L and Zhu, Jian Z},
	year={2005},
	publisher={Elsevier}
}

@article{sherstinsky2020fundamentals,
	title={Fundamentals of recurrent neural network (RNN) and long short-term memory (LSTM) network},
	author={Sherstinsky, Alex},
	journal={Physica D: Nonlinear Phenomena},
	volume={404},
	pages={132306},
	year={2020},
	publisher={Elsevier}
}

@article{elsworth2020time,
	title={Time series forecasting using LSTM networks: A symbolic approach},
	author={Elsworth, Steven and G{\"u}ttel, Stefan},
	journal={arXiv preprint arXiv:2003.05672},
	year={2020}
}

@article{ibrahim2016overview,
	title={An overview of soft computing},
	author={Ibrahim, Dogan},
	journal={Procedia Computer Science},
	volume={102},
	pages={34--38},
	year={2016},
	publisher={Elsevier}
}

@article{ruder2016overview,
	title={An overview of gradient descent optimization algorithms},
	author={Ruder, Sebastian},
	journal={arXiv preprint arXiv:1609.04747},
	year={2016}
}

@article{wang2022comprehensive,
	title={A comprehensive survey of loss functions in machine learning},
	author={Wang, Qi and Ma, Yue and Zhao, Kun and Tian, Yingjie},
	journal={Annals of Data Science},
	volume={9},
	number={2},
	pages={187--212},
	year={2022},
	publisher={Springer}
}

@article{willmott2005advantages,
	title={Advantages of the mean absolute error (MAE) over the root mean square error (RMSE) in assessing average model performance},
	author={Willmott, Cort J and Matsuura, Kenji},
	journal={Climate research},
	volume={30},
	number={1},
	pages={79--82},
	year={2005}
}

@incollection{ketkar2017stochastic,
	title={Stochastic gradient descent},
	author={Ketkar, Nikhil},
	booktitle={Deep learning with Python},
	pages={113--132},
	year={2017},
	publisher={Springer}
}

@article{lewkowycz2021decay,
	title={How to decay your learning rate},
	author={Lewkowycz, Aitor},
	journal={arXiv preprint arXiv:2103.12682},
	year={2021}
}